<?xml version="1.0" encoding="UTF-8"?><collection xmlns="http://www.loc.gov/MARC21/slim"><record><leader>00422nam--2200145-i-4500</leader><controlfield tag="001">000024496</controlfield><controlfield tag="002">20161230</controlfield><controlfield tag="005">20161230201035</controlfield><controlfield tag="008">060222s1000------------r-----000-0-eng-d</controlfield><datafield ind1=" " ind2=" " tag="080"><subfield code="a">512.745.2:515.127:517.928.7:061.3</subfield></datafield><datafield ind1=" " ind2=" " tag="245"><subfield code="a">Invariant theory. proccedings, montecatini</subfield></datafield><datafield ind1=" " ind2=" " tag="260"><subfield code="a">Berlin, Springer-verlag, 1983, Iv + 159p</subfield></datafield><datafield ind1=" " ind2=" " tag="490"><subfield code="a">Lecture Notes In Mathematics, Vol.996</subfield></datafield><datafield ind1=" " ind2=" " tag="700"><subfield code="a">Gherardelli, F</subfield></datafield><datafield ind1=" " ind2=" " tag="852"><subfield code="a">72108</subfield></datafield></record></collection>